<marcxml:record xmlns:xlink="http://www.w3.org/1999/xlink" xmlns:marcxml="http://www.loc.gov/MARC21/slim" xmlns:mets="http://www.loc.gov/METS/" xmlns:mxe="http://www.loc.gov/mxe" xmlns:rdf="http://www.w3.org/1999/02/22-rdf-syntax-ns#" xmlns:rdfs="http://www.w3.org/2000/01/rdf-schema#" xmlns:skos="http://www.w3.org/2004/02/skos/core#" xmlns:madsrdf="http://www.loc.gov/mads/rdf/v1#" xmlns:ri="http://id.loc.gov/ontologies/RecordInfo#" xmlns:sem="http://marklogic.com/semantics">
  <marcxml:leader>00502nz  a2200133n  4500</marcxml:leader>
  <marcxml:controlfield tag="001">nr2003029676</marcxml:controlfield>
  <marcxml:controlfield tag="003">DLC</marcxml:controlfield>
  <marcxml:controlfield tag="005">20030912033120.0</marcxml:controlfield>
  <marcxml:controlfield tag="008">030911n| acannaabn          |n aaa     c</marcxml:controlfield>
  <marcxml:datafield tag="010" ind1=" " ind2=" ">
    <marcxml:subfield code="a">nr2003029676</marcxml:subfield>
  </marcxml:datafield>
  <marcxml:datafield tag="040" ind1=" " ind2=" ">
    <marcxml:subfield code="a">NNPM</marcxml:subfield>
    <marcxml:subfield code="b">eng</marcxml:subfield>
    <marcxml:subfield code="c">NNPM</marcxml:subfield>
  </marcxml:datafield>
  <marcxml:datafield tag="100" ind1="1" ind2=" ">
    <marcxml:subfield code="a">Viviani, Antonio,</marcxml:subfield>
    <marcxml:subfield code="d">1560-1620</marcxml:subfield>
  </marcxml:datafield>
  <marcxml:datafield tag="670" ind1=" " ind2=" ">
    <marcxml:subfield code="a">The Grove Dictionary of Art online, Sept. 11, 2003</marcxml:subfield>
    <marcxml:subfield code="b">(Viviani, Antonio [il Sordo]; b. Urbino, 1560; d. Urbino, Dec. 6, 1620; Italian painter.</marcxml:subfield>
  </marcxml:datafield>
  <marcxml:datafield tag="670" ind1=" " ind2=" ">
    <marcxml:subfield code="a">Thieme-Becker</marcxml:subfield>
    <marcxml:subfield code="b">(Viviani, Antonio; "il Sordo d'Urbino"; Antonio da Urbino)</marcxml:subfield>
  </marcxml:datafield>
</marcxml:record>
